
@article{StachelekNationalEutrophicationSurvey2017,
  timestamp = {2017-09-04T14:47:03Z},
  issn = {1866-3591},
  doi = {10.5194/essd-2017-52},
  language = {en},
  urldate = {2017-09-04},
  journal = {Earth System Science Data Discussions},
  author = {Stachelek, J. and Ford, C. and Kincaid, D. and King, K. and Miller, H. and Nagelkirk, R.},
  month = jul,
  year = {2017},
  pages = {1--11},
  file = {essd-2017-52.pdf:/home/jose/Zotero/storage/YUIIQHT5/essd-2017-52.pdf:application/pdf}
}


@article{Brettreviewreassessmentlake2007,
  timestamp = {2016-11-18T20:59:00Z},
  issn = {0046-5070, 1365-2427},
  doi = {10.1111/j.1365-2427.2007.01862.x},
  language = {en},
  urldate = {2016-11-18},
  journal = {Freshwater Biology},
  author = {Brett, M.T. and Benjamin, M.M.},
  month = sep,
  volume = {53},
  pages = {194-211},
  year = {2008}
}
